@Misc{concept,
    author =	 {The Linux Foundation},
    title = {Kubernetes Concepts},
    howpublished = {Web},
    year =	 2018,
    Url = {https://kubernetes.io/docs/concepts/}
}

@Misc{setup,
    author =	 {The Linux Foundation},
    title = {Kubernetes Setup},
    howpublished = {Web},
    year =	 2013,
    Url = {https://kubernetes.io/docs/getting-started-guides/minikube/}
}

@Misc{service,
    author =	 {The Linux Foundation},
    title = {Kubernetes Networking Service},
    howpublished = {Web},
    year =	 2017,
    Url = {https://kubernetes.io/docs/concepts/services-networking/service/}
}

@Misc{docker,
    author =	 {Docker},
    title = {Get Started with Docker for Mac},
    howpublished = {Web},
    year =	 2016,
    Url = {https://docs.docker.com/docker-for-mac/}
}

@Misc{auto,
    author =	 {The Linux Foundation},
    title = {Kubernetes Concepts},
    howpublished = {Web},
    year =	 2018,
    Url = {https://kubernetes.io/docs/concepts/configuration/manage-compute-resources-container/}
}
@Misc{minikube,
    author =	 {The Linux Foundation},
    title = {Kubernetes Concepts},
    howpublished = {Web},
    year =	 2018,
    Url = {https://kubernetes.io/docs/getting-started-guides/minikube/}
}
@Misc{kubectl,
    author =	 {The Linux Foundation},
    title = {Kubernetes Concepts},
    howpublished = {Web},
    year =	 2018,
    Url = {https://kubernetes.io/docs/tools/install-kubectl/}
}
@Misc{definition,
    author =	 {The Linux Foundation},
    title = {Kubernetes Concepts},
    howpublished = {Web},
    year =	 2018,
    Url = {https://kubernetes.io/docs/concepts/overview/what-is-kubernetes/}
}
@Misc{pods,
    author =	 {The Linux Foundation},
    title = {Kubernetes Concepts},
    howpublished = {Web},
    year =	 2018,
    Url = {https://https://kubernetes.io/docs/tasks/configure-pod-container/assign-memory-resource/}
}
@Misc{dash,
    author =	 {The Linux Foundation},
    title = {Kubernetes Concepts},
    howpublished = {Web},
    year =	 2018,
    Url = {https://kubernetes.io/docs/tasks/access-application-cluster/web-ui-dashboard/}
}
@Misc{reasons,
    author =	 {New Tech Forum},
    title = {4 reasons you should use Kubernetes},
    howpublished = {Web},
    year =	 2018,
    Url = https://www.infoworld.com/article/3173266/containers/4-reasons-you-should-use-kubernetes.html/}
}
@Misc{stateful,
    author =	 {Cockroach Labs},
    title = {Kubernetes:  The State of Stateful Apps},
    howpublished = {Web},
    year =	 2018,
    Url = https://www.cockroachlabs.com/blog/kubernetes-state-of-stateful-apps/}
}
