@Misc{hid-sp18-525-cloud,
    author =	 {Mendenhall, Michael and Duncan, Buell},
    title = {BlueMix is Now IBM Cloud},
    howpublished = {Web},
    year =	 2017,
    Url = {https://www.ibm.com/blogs/bluemix/2017/10/bluemix-is-now-ibm-cloud/}
}

@Misc{hid-sp18-525-overview,
    author =	 {},
    title = {IBM Cloud Platform Overview},
    howpublished = {Web},
    year =	 2013,
    Url = {https://console.bluemix.net/docs/overview/ibm-cloud.html#overview}
}

@Misc{hid-sp18-525-winning,
    author =	 {Kesterson-Townes, Lynn and Krishna, Arvind and Rishi, Sanjay },
    title = {Winning Cloud Stratgies},
    howpublished = {Report},
    year =	 2017,
    Url = {}
}

@Misc{hid-sp18-525-hybrid,
    author =	 {Chua, Justin and Freese, Robert and Karimi, Anthony and Schuneman, Julie and Venkat, Meenagi},
    title = {Tailoring Hybrid Cloud},
    howpublished = {Report},
    year =	 2016,
    Url = {}
}